% This file was created with JabRef 2.9.2.
% Encoding: Cp1252

@ARTICLE{bib:safety,
  author = {Christoffer Sloth and Rafael Wisniewski},
  title = {Towards Safe Robotic Surgical Systems},
  journal = {Automation and Control, Department of Electronic Systems, Aalborg
	University},
  year = {2014},
  owner = {Christian},
  timestamp = {2015.02.03}
}

